
@incollection{hinze04,
  year = {2004},
  isbn = {978-3-540-22380-1},
  booktitle = {Mathematics of Program Construction},
  volume = {3125},
  series = {Lecture Notes in Computer Science},
  editor = {Kozen, Dexter},
  doi = {10.1007/978-3-540-27764-4_11},
  title = {An Algebra of Scans},
  url = {http://dx.doi.org/10.1007/978-3-540-27764-4_11},
  publisher = {Springer Berlin Heidelberg},
  author = {Hinze, Ralf},
  pages = {186-210},
  language = {English}
}

@article{mcbride14,
 author = {McBride, Conor Thomas},
 title = {How to Keep Your Neighbours in Order},
 journal = {SIGPLAN Not.},
 issue_date = {September 2014},
 volume = {49},
 number = {9},
 month = aug,
 year = {2014},
 issn = {0362-1340},
 pages = {297--309},
 numpages = {13},
 url = {http://doi.acm.org/10.1145/2692915.2628163},
 doi = {10.1145/2692915.2628163},
 acmid = {2628163},
 publisher = {ACM},
 address = {New York, NY, USA},
 keywords = {agda, balancing, dependent types, ordering, sorting},
}

@mastersthesis{pizani14,
  author = "Pizani Flor, João Paulo",
  title = "{Π-Ware}: An Embedded Hardware Description Language using Dependent Types",
  year = "2014",
  school = "Utrecht University"
}
